%bibtex entries 

@inproceedings{mikolov2013linguistic,
	title={Linguistic Regularities in Continuous Space Word Representations.},
	author={Mikolov, Tomas and Yih, Wen-tau and Zweig, Geoffrey},
	booktitle={Hlt-naacl},
	volume={13},
	year={2013}
}

@inproceedings{blei2003latent,
	title={Latent dirichlet allocation},
	author={Blei, David M and Ng, Andrew Y and Jordan, Michael I},
	journal={Journal of machine Learning research},
	volume={3},
	number={Jan},
	pages={993--1022},
	year={2003}
}